@article{aggarwal1989linear,
  title={A linear-time algorithm for computing the {V}oronoi diagram of a convex polygon},
  author={Aggarwal, Alok and Guibas, Leonidas J and Saxe, James and Shor, Peter W},
  journal={Discrete \& Computational Geometry},
  volume={4},
  number={1},
  pages={591--604},
  year={1989},
  publisher={Springer}
}


@inproceedings{oh2019SODA,
  title={Optimal Algorithm for Geodesic Nearest-point {V}oronoi Diagrams},
  author={Oh, Eunjin},
  booktitle={To appear in the Proceedings of the 31st annual ACM-SIAM Symposium on Discrete Algorithms},
  pages={TBD},
  year={2019}
}



@inproceedings{oh2016computing,
  title={Computing a geodesic two-center of points in a simple polygon},
  author={Oh, Eunjin and Bae, Sang Won and Ahn, Hee-Kap},
  booktitle={Latin American Symposium on Theoretical Informatics},
  pages={646--658},
  year={2016},
  organization={Springer}
}

@inproceedings{chang2014detecting,
  title={Detecting weakly simple polygons},
  author={Chang, Hsien-Chih and Erickson, Jeff and Xu, Chao},
  booktitle={Proceedings of the twenty-sixth annual ACM-SIAM Symposium on Discrete Algorithms},
  pages={1655--1670},
  year={2014},
  organization={SIAM}
}

@inproceedings{oh2017voronoi,
  title={{V}oronoi Diagrams for a Moderate-Sized Point-Set in a Simple Polygon},
  author={Oh, Eunjin and Ahn, Hee-Kap},
  booktitle={LIPIcs-Leibniz International Proceedings in Informatics},
  volume={77},
  year={2017},
  organization={Schloss Dagstuhl-Leibniz-Zentrum fuer Informatik}
}

@inproceedings{chihungVoronoi,
  title={A Nearly Optimal Algorithm for the Geodesic {V}oronoi Diagram of Points in a Simple Polygon},
  author={Liu, Chih-Hung},
  booktitle={LIPIcs-Leibniz International Proceedings in Informatics},
  volume={99},
  year={2018},
  organization={Schloss Dagstuhl-Leibniz-Zentrum fuer Informatik}
}

@incollection{de2000computational,
  title={Computational geometry},
  author={De Berg, Mark and Van Kreveld, Marc and Overmars, Mark and Schwarzkopf, Otfried Cheong},
  booktitle={Computational geometry},
  pages={1--17},
  year={2000},
  publisher={Springer}
}

@article{kpairpath,
  author    = {Evanthia Papadopoulou},
  title     = {$k$-Pairs Non-Crossing Shortest Paths in a Simple Polygon},
  journal   = {International Journal of Computational Geometry and Applications},
  volume    = {9},
  number    = {6},
  pages     = {533--552},
  year      = {1999},
}

@inproceedings{oh2016farthest,
  title={The farthest-point geodesic {V}oronoi diagram of points on the boundary of a simple polygon},
  author={Oh, Eunjin and Barba, Luis and Ahn, Hee-Kap},
  booktitle={LIPIcs-Leibniz International Proceedings in Informatics},
  volume={51},
  year={2016},
  organization={Schloss Dagstuhl-Leibniz-Zentrum fuer Informatik}
}

@article{ahn2015linear,
 author = {Ahn, Hee-Kap and Barba, Luis and Bose, Prosenjit and Carufel, Jean-Lou and Korman, Matias and Oh, Eunjin},
 title = {A Linear-Time Algorithm for the Geodesic Center of a Simple Polygon},
 journal = {Discrete \& Computational Geometry},
 issue_date = {2016},
 volume = {56},
 number = {4},
 month = dec,
 year = {2016},
 issn = {0179-5376},
 pages = {836--859},
 numpages = {24},
 url = {http://dx.doi.org/10.1007/s00454-016-9796-0},
 doi = {10.1007/s00454-016-9796-0},
 acmid = {3012806},
 publisher = {Springer-Verlag New York, Inc.},
 address = {Secaucus, NJ, USA},
 keywords = {65D18, Facility location, Geodesic distance, Simple polygons},
} 

@article{hershberger1993matrix,
  title={Matrix Searching with the Shortest-Path Metric},
  author={Hershberger, John and Suri, Subhash},
  journal={SIAM Journal on Computing},
  volume={26},
  number={6},
  pages={1612--1634},
  year={1997},
  publisher={Society for Industrial and Applied Mathematics}
}

@book{harborth1993esther,
  title={The Esther-Klein-problem in the projective plane},
  author={Harborth, Heiko and M{\"o}ller, Meinhard},
  year={1993},
  publisher={Inst. f{\"u}r Mathematik, TU Braunschweig}
}

@article{ArXivGeodesicCenter,
  author    = {Hee{-}Kap Ahn and
               Luis Barba and
               Prosenjit Bose and
               Jean-Lou {De Carufel} and
               Matias Korman and
               Eunjin Oh},
  title     = {A linear-time algorithm for the geodesic center of a simple polygon},
  journal   = {CoRR},
  volume    = {abs/1501.00561},
  year      = {2015},
  url       = {http://arxiv.org/abs/1501.00561},
  timestamp = {Mon, 02 Feb 2015 14:12:25 +0100},
  biburl    = {http://dblp.uni-trier.de/rec/bib/journals/corr/AhnBBCKO15},
  bibsource = {dblp computer science bibliography, http://dblp.org}
}

@article{turan1941extremal,
  title={On an extremal problem in graph theory},
  author={Tur{\'a}n, Paul},
  journal={Mat. Fiz. Lapok},
  volume={48},
  number={436-452},
  pages={137},
  year={1941}
}

@book{matouvsek2002lectures,
  title={Lectures on discrete geometry},
  author={Matou{\v{s}}ek, Ji{\v{r}}{\'\i}},
  volume={108},
  year={2002},
  publisher={Springer New York}
}

@article{chazelle1991triangulating,
  title={Triangulating a simple polygon in linear time},
  author={Chazelle, Bernard},
  journal={Discrete \& Computational Geometry},
  volume={6},
  number={1},
  pages={485--524},
  year={1991},
  publisher={Springer}
}

@article{lee1984euclidean,
  title={Euclidean shortest paths in the presence of rectilinear barriers},
  author={Lee, Der-Tsai and Preparata, Franco P},
  journal={Networks},
  volume={14},
  number={3},
  pages={393--410},
  year={1984},
  publisher={Wiley Online Library}
}

@inproceedings{bko-cgcpd-14,
  author = {Sang Won Bae and Matias Korman and Yoshio Okamoto},
  title = {Computing the Geodesic Centers of a Polygonal Domain},
  booktitle = {Proceedings of CCCG},
  year = {2014}
}


@article{chazelle1994ray,
  title={Ray shooting in polygons using geodesic triangulations},
  author={Chazelle, Bernard and Edelsbrunner, Herbert and Grigni, Michelangelo and Guibas, L and Hershberger, John and Sharir, Micha and Snoeyink, Jack},
  journal={Algorithmica},
  volume={12},
  number={1},
  pages={54--68},
  year={1994},
  publisher={Springer}
}

@article{harel1984fast,
  title={Fast algorithms for finding nearest common ancestors},
  author={Harel, Dov and Tarjan, Robert Endre},
  journal={SIAM Journal on Computing},
  volume={13},
  number={2},
  pages={338--355},
  year={1984},
  publisher={SIAM}
}

@article{matousekCuttings,
  title={Approximations and optimal geometric divide-and-conquer},
  author={Matou{\v{s}}ek, Ji{\v{r}}{\'\i}},
  journal={Journal of Computer and System Sciences},
  volume={50},
  number={2},
  pages={203--208},
  year={1995},
  publisher={Elsevier}
}

@article{guibasShortestPathTree,
  title={Linear-time algorithms for visibility and shortest path problems inside triangulated simple polygons},
  author={Guibas, Leonidas and Hershberger, John and Leven, Daniel and Sharir, Micha and Tarjan, Robert E},
  journal={Algorithmica},
  volume={2},
  number={1-4},
  pages={209--233},
  year={1987},
  publisher={Springer}
}

@article{megiddo1989ball,
  title={On the ball spanned by balls},
  author={Megiddo, Nimrod},
  journal={Discrete \& Computational Geometry},
  volume={4},
  number={1},
  pages={605--610},
  year={1989},
  publisher={Springer}
}


@article{megiddo1982linear,
author = {Megiddo, Nimrod},
title = {Linear-Time Algorithms for Linear Programming in $\mathbb{R}^3$ and Related Problems},
publisher = {SIAM},
year = {1983},
journal = {SIAM Journal on Computing},
volume = {12},
number = {4},
pages = {759-776},
keywords = {linear programming; 1-center; weighted center; smallest circle; linear time; median; separability; quadratic programming},
url = {http://link.aip.org/link/?SMJ/12/759/1},
doi = {10.1137/0212052}
}

@article{pollackComputingCenter,
  title={Computing the geodesic center of a simple polygon},
  author={Pollack, Richard and Sharir, Micha and Rote, G\"unter},
  journal={Discrete \& Computational Geometry},
  volume={4},
  number={1},
  pages={611--626},
  year={1989},
  publisher={Springer}
}

@inproceedings{ConstructionEpsilonNets,
 author = {Matou\v{s}ek, Ji{\v{r}}{\'\i}},
 title = {Construction of epsilon nets},
 booktitle = {Proceedings of SoCG},
 year = {1989},
 isbn = {0-89791-318-3},
 location = {Saarbruchen, West Germany},
 pages = {1--10},
 numpages = {10},
 url = {http://doi.acm.org/10.1145/73833.73834},
 acmid = {73834},
 publisher = {ACM},
 address = {New York},
} 

@article{edelsbrunner1990simulation,
  title={Simulation of simplicity: a technique to cope with degenerate cases in geometric algorithms},
  author={Edelsbrunner, Herbert and M{\"u}cke, Ernst Peter},
  journal={ACM Transactions on Graphics},
  volume={9},
  number={1},
  pages={66--104},
  year={1990},
  publisher={ACM}
}

@article{aronov1993furthest,
  title={The furthest-site geodesic {V}oronoi diagram},
  author={Aronov, Boris and Fortune, Steven and Wilfong, Gordon},
  journal={Discrete \& Computational Geometry},
  volume={9},
  number={1},
  pages={217--255},
  year={1993},
  publisher={Springer}
}

@article{aronov1989geodesic,
  title={On the geodesic {V}oronoi diagram of point sites in a simple polygon},
  author={Aronov, Boris},
  journal={Algorithmica},
  volume={4},
  number={1-4},
  pages={109--140},
  year={1989},
  publisher={Springer}
}


@article{guibasShortestPathQueries,
  title={Optimal shortest path queries in a simple polygon}, 
  author={Guibas, Leonidas J and Hershberger, John},
  journal={Journal of computer and system sciences},
  volume={39},
  number={2},
  pages={126--152},
  year={1989},
  publisher={Academic Press}
}

@inproceedings{c-tpca-82,
 author = {Bernard Chazelle},
 title = {A theorem on polygon cutting with applications},
 booktitle = {Proceedings of FOCS},
 year = {1982},
 pages = {339--349},
 doi = {http://dx.doi.org/10.1109/SFCS.1982.58},
}


@inproceedings{bkow-clgdcsplt-13,
  author    = {Sang Won Bae and
               Matias Korman and
               Yoshio Okamoto and
               Haitao Wang},
  title     = {Computing the ${L}_1$ Geodesic Diameter and Center of a Simple Polygon in Linear Time},
  booktitle = {Proceedings of LATIN},
  year      = {2014},
  pages     = {120-131},
}


@article{suri1989computing,
  title={Computing geodesic furthest neighbors in simple polygons},
  author={Suri, Subhash},
  journal={Journal of Computer and System Sciences},
  volume={39},
  number={2},
  pages={220--235},
  year={1989},
  publisher={Elsevier}
}

@InCollection{m-gspno-00,
  author =       "J. S. B. Mitchell",
  booktitle =       "Handbook of Computational Geometry",
  editor =       "J.-R. Sack and J. Urrutia",
  title =        "Geometric Shortest Paths and Network Optimization",
  publisher =    "Elsevier",
  pages =        "633-701",
  year =         "2000",
}


@TECHREPORT{at-cgcsp-85,
  AUTHOR =       {T. Asano and G.T. Toussaint},
  TITLE =        {Computing the geodesic center of a simple polygon},
  INSTITUTION =  {McGill University},
  YEAR =         {1985},
  type =         {Technical Report},
  number =       {SOCS-85.32},
}

@article{bko-gdpd-13,
  author    = {Sang Won Bae and
               Matias Korman and
               Yoshio Okamoto},
  title     = {The Geodesic Diameter of Polygonal Domains},
  journal   = {Discrete \& Computational Geometry},
  volume    = {50},
  number    = {2},
  year      = {2013},
  pages     = {306--329},
}

@article{dls-aclcsp-92,
    author= "H.N. Djidjev and A. Lingas and J.-R. Sack",
    title = "An {$O(n\log n)$} algorithm for computing the link center of
		a simple polygon",
    journal= "Discrete \& Computational Geometry",
    volume=  "8",
    pages= "131--152",
    year= "1992",
}

@inproceedings{ns-crldp-91,
    author= "B.J. Nilsson and S. Schuierer",
    title= "Computing the Rectilinear Link Diameter of a Polygon",
    booktitle="Proceedings of CG",
    year= "1991",
    pages= "203--215",
}

@article{ns-oarlcrp-96,
    author= "B.J. Nilsson and S. Schuierer",
    title = "An optimal algorithm for the rectilinear link center of
		a rectilinear polygon",
    journal= "Computational Geometry: Theory and Applications",
    volume=  "6",
    pages= "169--194",
    year= "1996",
}

@PHDTHESIS{suri-mlpprp-87,
  AUTHOR =       {S. Suri},
  TITLE =        {Minimum Link Paths in Polygons and Related Problems},
  SCHOOL =       {Johns Hopkins Univ.},
  YEAR =         {1987},
}


@INPROCEEDINGS{k-ealdp-89,
  AUTHOR =       {Y. Ke},
  TITLE =        {An efficient algorithm for link-distance problems},
  BOOKTITLE =    {Proceedings of SoCG},
  YEAR =         {1989},
  pages =        {69--78},
}

